%YAML 1.1
%TAG !u! tag:unity3d.com,2011:
--- !u!1 &3062819945569405664
GameObject:
  m_ObjectHideFlags: 0
  m_CorrespondingSourceObject: {fileID: 0}
  m_PrefabInstance: {fileID: 0}
  m_PrefabAsset: {fileID: 0}
  serializedVersion: 6
  m_Component:
  - component: {fileID: 4163323302723774884}
  m_Layer: 0
  m_Name: TripleDisparo
  m_TagString: Untagged
  m_Icon: {fileID: 0}
  m_NavMeshLayer: 0
  m_StaticEditorFlags: 0
  m_IsActive: 1
--- !u!4 &4163323302723774884
Transform:
  m_ObjectHideFlags: 0
  m_CorrespondingSourceObject: {fileID: 0}
  m_PrefabInstance: {fileID: 0}
  m_PrefabAsset: {fileID: 0}
  m_GameObject: {fileID: 3062819945569405664}
  m_LocalRotation: {x: 0, y: 0, z: 0, w: 1}
  m_LocalPosition: {x: 0, y: 0, z: 0}
  m_LocalScale: {x: 1, y: 1, z: 1}
  m_Children:
  - {fileID: 2057359064303528260}
  - {fileID: 8693554395624521772}
  - {fileID: 3882630509006727837}
  m_Father: {fileID: 0}
  m_RootOrder: 0
  m_LocalEulerAnglesHint: {x: 0, y: 0, z: 0}
--- !u!1001 &3316183491398848882
PrefabInstance:
  m_ObjectHideFlags: 0
  serializedVersion: 2
  m_Modification:
    m_TransformParent: {fileID: 4163323302723774884}
    m_Modifications:
    - target: {fileID: 6242207857700999515, guid: a9cf5bccdc1bec642bae2716f8e7b6f3,
        type: 3}
      propertyPath: m_Name
      value: EnemyBullet (1)
      objectReference: {fileID: 0}
    - target: {fileID: 6242207857700999518, guid: a9cf5bccdc1bec642bae2716f8e7b6f3,
        type: 3}
      propertyPath: m_LocalPosition.x
      value: 0
      objectReference: {fileID: 0}
    - target: {fileID: 6242207857700999518, guid: a9cf5bccdc1bec642bae2716f8e7b6f3,
        type: 3}
      propertyPath: m_LocalPosition.y
      value: 0.5
      objectReference: {fileID: 0}
    - target: {fileID: 6242207857700999518, guid: a9cf5bccdc1bec642bae2716f8e7b6f3,
        type: 3}
      propertyPath: m_LocalPosition.z
      value: 0
      objectReference: {fileID: 0}
    - target: {fileID: 6242207857700999518, guid: a9cf5bccdc1bec642bae2716f8e7b6f3,
        type: 3}
      propertyPath: m_LocalRotation.x
      value: -0
      objectReference: {fileID: 0}
    - target: {fileID: 6242207857700999518, guid: a9cf5bccdc1bec642bae2716f8e7b6f3,
        type: 3}
      propertyPath: m_LocalRotation.y
      value: -0
      objectReference: {fileID: 0}
    - target: {fileID: 6242207857700999518, guid: a9cf5bccdc1bec642bae2716f8e7b6f3,
        type: 3}
      propertyPath: m_LocalRotation.z
      value: 0.2588191
      objectReference: {fileID: 0}
    - target: {fileID: 6242207857700999518, guid: a9cf5bccdc1bec642bae2716f8e7b6f3,
        type: 3}
      propertyPath: m_LocalRotation.w
      value: 0.9659258
      objectReference: {fileID: 0}
    - target: {fileID: 6242207857700999518, guid: a9cf5bccdc1bec642bae2716f8e7b6f3,
        type: 3}
      propertyPath: m_RootOrder
      value: 1
      objectReference: {fileID: 0}
    - target: {fileID: 6242207857700999518, guid: a9cf5bccdc1bec642bae2716f8e7b6f3,
        type: 3}
      propertyPath: m_LocalEulerAnglesHint.x
      value: 0
      objectReference: {fileID: 0}
    - target: {fileID: 6242207857700999518, guid: a9cf5bccdc1bec642bae2716f8e7b6f3,
        type: 3}
      propertyPath: m_LocalEulerAnglesHint.y
      value: 0
      objectReference: {fileID: 0}
    - target: {fileID: 6242207857700999518, guid: a9cf5bccdc1bec642bae2716f8e7b6f3,
        type: 3}
      propertyPath: m_LocalEulerAnglesHint.z
      value: 30
      objectReference: {fileID: 0}
    m_RemovedComponents: []
  m_SourcePrefab: {fileID: 100100000, guid: a9cf5bccdc1bec642bae2716f8e7b6f3, type: 3}
--- !u!4 &8693554395624521772 stripped
Transform:
  m_CorrespondingSourceObject: {fileID: 6242207857700999518, guid: a9cf5bccdc1bec642bae2716f8e7b6f3,
    type: 3}
  m_PrefabInstance: {fileID: 3316183491398848882}
  m_PrefabAsset: {fileID: 0}
--- !u!1001 &5345196418163701786
PrefabInstance:
  m_ObjectHideFlags: 0
  serializedVersion: 2
  m_Modification:
    m_TransformParent: {fileID: 4163323302723774884}
    m_Modifications:
    - target: {fileID: 6242207857700999515, guid: a9cf5bccdc1bec642bae2716f8e7b6f3,
        type: 3}
      propertyPath: m_Name
      value: EnemyBullet (2)
      objectReference: {fileID: 0}
    - target: {fileID: 6242207857700999518, guid: a9cf5bccdc1bec642bae2716f8e7b6f3,
        type: 3}
      propertyPath: m_LocalPosition.x
      value: 0
      objectReference: {fileID: 0}
    - target: {fileID: 6242207857700999518, guid: a9cf5bccdc1bec642bae2716f8e7b6f3,
        type: 3}
      propertyPath: m_LocalPosition.y
      value: -0.5
      objectReference: {fileID: 0}
    - target: {fileID: 6242207857700999518, guid: a9cf5bccdc1bec642bae2716f8e7b6f3,
        type: 3}
      propertyPath: m_LocalPosition.z
      value: 0
      objectReference: {fileID: 0}
    - target: {fileID: 6242207857700999518, guid: a9cf5bccdc1bec642bae2716f8e7b6f3,
        type: 3}
      propertyPath: m_LocalRotation.x
      value: -0
      objectReference: {fileID: 0}
    - target: {fileID: 6242207857700999518, guid: a9cf5bccdc1bec642bae2716f8e7b6f3,
        type: 3}
      propertyPath: m_LocalRotation.y
      value: -0
      objectReference: {fileID: 0}
    - target: {fileID: 6242207857700999518, guid: a9cf5bccdc1bec642bae2716f8e7b6f3,
        type: 3}
      propertyPath: m_LocalRotation.z
      value: -0.258819
      objectReference: {fileID: 0}
    - target: {fileID: 6242207857700999518, guid: a9cf5bccdc1bec642bae2716f8e7b6f3,
        type: 3}
      propertyPath: m_LocalRotation.w
      value: 0.9659259
      objectReference: {fileID: 0}
    - target: {fileID: 6242207857700999518, guid: a9cf5bccdc1bec642bae2716f8e7b6f3,
        type: 3}
      propertyPath: m_RootOrder
      value: 0
      objectReference: {fileID: 0}
    - target: {fileID: 6242207857700999518, guid: a9cf5bccdc1bec642bae2716f8e7b6f3,
        type: 3}
      propertyPath: m_LocalEulerAnglesHint.x
      value: 0
      objectReference: {fileID: 0}
    - target: {fileID: 6242207857700999518, guid: a9cf5bccdc1bec642bae2716f8e7b6f3,
        type: 3}
      propertyPath: m_LocalEulerAnglesHint.y
      value: 0
      objectReference: {fileID: 0}
    - target: {fileID: 6242207857700999518, guid: a9cf5bccdc1bec642bae2716f8e7b6f3,
        type: 3}
      propertyPath: m_LocalEulerAnglesHint.z
      value: -30
      objectReference: {fileID: 0}
    m_RemovedComponents: []
  m_SourcePrefab: {fileID: 100100000, guid: a9cf5bccdc1bec642bae2716f8e7b6f3, type: 3}
--- !u!4 &2057359064303528260 stripped
Transform:
  m_CorrespondingSourceObject: {fileID: 6242207857700999518, guid: a9cf5bccdc1bec642bae2716f8e7b6f3,
    type: 3}
  m_PrefabInstance: {fileID: 5345196418163701786}
  m_PrefabAsset: {fileID: 0}
--- !u!1001 &7152025279196249027
PrefabInstance:
  m_ObjectHideFlags: 0
  serializedVersion: 2
  m_Modification:
    m_TransformParent: {fileID: 4163323302723774884}
    m_Modifications:
    - target: {fileID: 6242207857700999515, guid: a9cf5bccdc1bec642bae2716f8e7b6f3,
        type: 3}
      propertyPath: m_Name
      value: EnemyBullet
      objectReference: {fileID: 0}
    - target: {fileID: 6242207857700999518, guid: a9cf5bccdc1bec642bae2716f8e7b6f3,
        type: 3}
      propertyPath: m_LocalPosition.x
      value: 0
      objectReference: {fileID: 0}
    - target: {fileID: 6242207857700999518, guid: a9cf5bccdc1bec642bae2716f8e7b6f3,
        type: 3}
      propertyPath: m_LocalPosition.y
      value: 0
      objectReference: {fileID: 0}
    - target: {fileID: 6242207857700999518, guid: a9cf5bccdc1bec642bae2716f8e7b6f3,
        type: 3}
      propertyPath: m_LocalPosition.z
      value: 0
      objectReference: {fileID: 0}
    - target: {fileID: 6242207857700999518, guid: a9cf5bccdc1bec642bae2716f8e7b6f3,
        type: 3}
      propertyPath: m_LocalRotation.x
      value: -0
      objectReference: {fileID: 0}
    - target: {fileID: 6242207857700999518, guid: a9cf5bccdc1bec642bae2716f8e7b6f3,
        type: 3}
      propertyPath: m_LocalRotation.y
      value: -0
      objectReference: {fileID: 0}
    - target: {fileID: 6242207857700999518, guid: a9cf5bccdc1bec642bae2716f8e7b6f3,
        type: 3}
      propertyPath: m_LocalRotation.z
      value: -0
      objectReference: {fileID: 0}
    - target: {fileID: 6242207857700999518, guid: a9cf5bccdc1bec642bae2716f8e7b6f3,
        type: 3}
      propertyPath: m_LocalRotation.w
      value: 1
      objectReference: {fileID: 0}
    - target: {fileID: 6242207857700999518, guid: a9cf5bccdc1bec642bae2716f8e7b6f3,
        type: 3}
      propertyPath: m_RootOrder
      value: 2
      objectReference: {fileID: 0}
    - target: {fileID: 6242207857700999518, guid: a9cf5bccdc1bec642bae2716f8e7b6f3,
        type: 3}
      propertyPath: m_LocalEulerAnglesHint.x
      value: 0
      objectReference: {fileID: 0}
    - target: {fileID: 6242207857700999518, guid: a9cf5bccdc1bec642bae2716f8e7b6f3,
        type: 3}
      propertyPath: m_LocalEulerAnglesHint.y
      value: 0
      objectReference: {fileID: 0}
    - target: {fileID: 6242207857700999518, guid: a9cf5bccdc1bec642bae2716f8e7b6f3,
        type: 3}
      propertyPath: m_LocalEulerAnglesHint.z
      value: 0
      objectReference: {fileID: 0}
    m_RemovedComponents: []
  m_SourcePrefab: {fileID: 100100000, guid: a9cf5bccdc1bec642bae2716f8e7b6f3, type: 3}
--- !u!4 &3882630509006727837 stripped
Transform:
  m_CorrespondingSourceObject: {fileID: 6242207857700999518, guid: a9cf5bccdc1bec642bae2716f8e7b6f3,
    type: 3}
  m_PrefabInstance: {fileID: 7152025279196249027}
  m_PrefabAsset: {fileID: 0}
